@incollection{Cushman2022,
  author = {Fiery Cushman},
  title = {Norm learning and moral decision making},
  booktitle = {The Moral Psychology of Obligation},
  editor = {Jonathan Webber},
  publisher = {Rowman & Littlefield},
  year = {2022},
  pages = {53--78}
}

@article{JaraEttinger2019,
  author = {Julian Jara-Ettinger and Joshua B. Tenenbaum},
  title = {The Naive Utility Calculus},
  journal = {Trends in Cognitive Sciences},
  year = {2019},
  volume = {23},
  number = {5},
  pages = {377--389},
  doi = {10.1016/j.tics.2019.01.009}
}

@article{Roberts2021,
  author = {Julia L. Roberts and Samuel J. Gershman},
  title = {A dynamic model of framing effects in decision making},
  journal = {Psychological Review},
  year = {2021},
  volume = {128},
  number = {5},
  pages = {765--785},
  doi = {10.1037/rev0000267}
}

@incollection{bello2023computationalapproachesto,
  author = {Paul Bello and Bertram F. Malle},
  title = {Computational Approaches to Morality},
  booktitle = {The Cambridge Handbook of Computational Cognitive Sciences},
  publisher = {Cambridge University Press},
  year = {2023},
  pages = {789--808}
}

@article{berkman2017selfcontrolasvaluebased,
  author = {Elliot T. Berkman and Cendri A. Hutcherson and Jordan L. Livingston and Lauren E. Kahn and Michael Inzlicht},
  title = {Self-control as value-based choice},
  journal = {Current Directions in Psychological Science},
  year = {2017},
  volume = {26},
  number = {5},
  pages = {422--428},
  doi = {10.1177/0963721417704394}
}

@article{cushman2013actionoutcomeand,
  author = {Fiery Cushman},
  title = {Action, Outcome, and Value: A Dual-System Framework for Morality},
  journal = {Personality and Social Psychology Review},
  year = {2013},
  volume = {17},
  number = {3},
  pages = {273--292},
  doi = {10.1177/1088868313495594}
}

@article{cushman2015moralconstraints,
  author = {Fiery Cushman},
  title = {From moral concern to moral constraint},
  journal = {Current Opinion in Behavioral Sciences},
  year = {2015},
  volume = {3},
  pages = {34--39},
  doi = {10.1016/j.cobeha.2015.01.003}
}

@misc{futurehouse2025review,
  author = {{Futurehouse AI}},
  title = {Computational Models of Moral Cognition, 2023--2025: A Review},
  year = {2025},
  note = {Unpublished structured AI synthesis, available upon request}
}

@article{gautheron2024conflictinmoral,
  author = {Flora Gautheron and Jean-Charles Quinton and Annique Smeding},
  title = {Conflict in moral and nonmoral decision making: an empirical study coupled with a computational model},
  journal = {Cognitive Processing},
  year = {2024},
  volume = {25},
  pages = {67--84},
  doi = {10.1007/s10339-023-01100-5}
}

@article{hutcherson2020evidenceaccumulationnot,
  author = {Cendri A. C. Hutcherson and Antonio Rangel and A. Tusche},
  title = {Evidence accumulation, not "self-control," explains dorsolateral prefrontal activation during normative choice},
  journal = {bioRxiv},
  year = {2020},
  doi = {10.1101/2020.10.20.347799}
}

@article{hutcherson2022evidenceaccumulationnot,
  author = {Cendri A. C. Hutcherson and A. Tusche},
  title = {Evidence accumulation, not 'self-control', explains dorsolateral prefrontal activation during normative choice},
  journal = {eLife},
  year = {2022},
  volume = {11},
  pages = {e71115},
  doi = {10.7554/eLife.71115}
}

@article{kimbrough2022affectivedecisionmakingand,
  author = {Erik O. Kimbrough and Alexander Vostroknutov},
  title = {Affective decision-making and moral sentiments},
  journal = {Journal of Behavioral and Experimental Economics},
  year = {2022},
  volume = {98},
  pages = {101858},
  doi = {10.1016/j.socec.2022.101858}
}

@inproceedings{tennant2023modelingmoralchoices,
  author = {Elizaveta Tennant and Stephen Hailes and Mirco Musolesi},
  title = {Modeling Moral Choices in Social Dilemmas with Multi-Agent Reinforcement Learning},
  booktitle = {Proceedings of the 32nd International Joint Conference on Artificial Intelligence (IJCAI)},
  year = {2023},
  pages = {208--215}
}
