@book{Bicchieri2005NormsInTheWild,
    author = {Bicchieri, Cristina},
    title = {The Grammar of Society: The Nature and Dynamics of Social Norms},
    publisher = {Cambridge University Press},
    year = {2005}
}

@article{Fehr1999Cooperation,
    author = {Fehr, Ernst and Schmidt, Klaus M.},
    title = {A Theory of Fairness, Competition, and Cooperation},
    journal = {The Quarterly Journal of Economics},
    volume = {114},
    number = {3},
    pages = {817-868},
    year = {1999}
}

@article{Ratcliff2008DDM,
    author = {Ratcliff, Roger and McKoon, Gail},
    title = {The Diffusion Decision Model: Theory and Data for Two-Choice Decision Tasks},
    journal = {Neural Computation},
    volume = {20},
    number = {4},
    pages = {873-922},
    year = {2008}
}

@article{pyABC_Klinger,
    author = {Klinger, R. and others},
    title = {pyABC: Approximate Bayesian Computation in Python},
    journal = {Bioinformatics},
    volume = {34},
    number = {20},
    pages = {3591-3593},
    year = {2018}
}

@article{Lintusaari2017ABCReview,
    author = {Lintusaari, J. and others},
    title = {Fundamentals and Recent Developments in Approximate Bayesian Computation},
    journal = {Systematic Biology},
    volume = {66},
    number = {1},
    pages = {e66-e82},
    year = {2017}
}

@article{Talts2018SBC,
    author = {Talts, Sean and others},
    title = {Validating Bayesian Inference Algorithms with Simulation-Based Calibration},
    journal = {arXiv preprint arXiv:1804.06788},
    year = {2018}
}

@article{Durkan2020NPE,
    author = {Durkan, Conor and Murray, Iain and Papamakarios, George},
    title = {On Contrastive Learning for Neural Processes},
    journal = {arXiv preprint arXiv:2002.05336},
    year = {2020}
}

@article{Dhawale2022DDMIdentifiability,
    author = {Dhawale, Ashok K. and Poddar, Rajesh and Kopito, Roni and Woolley, Sarah M. N. and Ölveczky, Bence P.},
    title = {The basal ganglia control the detailed kinematics of learned motor skills},
    journal = {Nature Neuroscience},
    volume = {24},
    number = {9},
    pages = {1256-1269},
    year = {2021},
    doi = {10.1038/s41593-021-00889-3}
}

% Internal references
@techreport{NES_Blueprint_v3.1,
    author = {Wright, Jesse},
    title = {NES Blueprint v3.1},
    institution = {Independent Research},
    year = {2025}
}

@techreport{NES_SimulationReport_v4,
    author = {Wright, Jesse},
    title = {NES Simulation Report v4},
    institution = {Independent Research},
    year = {2025}
}

@techreport{OurInternalLog_PreviousFailures,
    author = {Wright, Jesse},
    title = {Previous Failures Log},
    institution = {Independent Research},
    year = {2025}
}

@article{Hutcherson2015NeuralComputations,
    author = {Hutcherson, Cendri A. and Bushong, Benjamin and Rangel, Antonio},
    title = {A Neurocomputational Model of Altruistic Choice and Its Implications},
    journal = {Neuron},
    volume = {87},
    number = {2},
    pages = {451-462},
    year = {2015},
    doi = {10.1016/j.neuron.2015.06.014}
}

@article{Crockett2017MoralValue,
    author = {Crockett, Molly J. and Siegel, Jenifer Z. and Kurth-Nelson, Zeb and Dayan, Peter and Dolan, Raymond J.},
    title = {Moral transgressions corrupt neural representations of value},
    journal = {Nature Neuroscience},
    volume = {20},
    number = {6},
    pages = {879-885},
    year = {2017},
    doi = {10.1038/nn.4557}
}

@article{sbi_package_tejero_etal_2020,
    author = {Tejero-Cantero, Álvaro and Boelts, Jan and Deistler, Michael and Lueckmann, Jan-Matthis and Durkan, Conor and Gonçalves, Pedro J. and Greenberg, David S. and Macke, Jakob H.},
    title = {sbi: A toolkit for simulation-based inference},
    journal = {Journal of Open Source Software},
    volume = {5},
    number = {52},
    pages = {2505},
    year = {2020},
    doi = {10.21105/joss.02505}
}

@article{sbi_package_cranmer_etal_2020,
    author = {Cranmer, Kyle and Brehmer, Johann and Louppe, Gilles},
    title = {The frontier of simulation-based inference},
    journal = {Proceedings of the National Academy of Sciences},
    volume = {117},
    number = {48},
    pages = {30055-30062},
    year = {2020},
    doi = {10.1073/pnas.1912789117}
}

@article{Botvinick2001ConflictMonitoring,
  author    = {Matthew M. Botvinick and Todd S. Braver and David M. Barch and Cameron S. Carter and Jonathan D. Cohen},
  title     = {Conflict monitoring and cognitive control},
  journal   = {Psychological Review},
  year      = {2001},
  volume    = {108},
  number    = {3},
  pages     = {624--652},
  doi       = {10.1037/0033-295X.108.3.624}
}

@article{Greene2001fMRI,
  author    = {Joshua D. Greene and R. Brian Sommerville and Leigh E. Nystrom and John M. Darley and Jonathan D. Cohen},
  title     = {An fMRI Investigation of Emotional Engagement in Moral Judgment},
  journal   = {Science},
  year      = {2001},
  volume    = {293},
  number    = {5537},
  pages     = {2105--2108},
  doi       = {10.1126/science.1062872}
}

@article{Hare2009SelfControl,
  author    = {Todd A. Hare and Colin F. Camerer and Antonio Rangel},
  title     = {Self-Control in Decision-Making Involves Modulation of the vmPFC Valuation System},
  journal   = {Science},
  year      = {2009},
  volume    = {324},
  number    = {5927},
  pages     = {646--648},
  doi       = {10.1126/science.1168450}
}

@article{Klinger2018pyABC,
  author    = {Egon Klinger and Jan Hasenauer},
  title     = {pyABC: distributed, likelihood-free inference},
  journal   = {Bioinformatics},
  year      = {2018},
  volume    = {36},
  number    = {10},
  pages     = {3073--3075},
  doi       = {10.1093/bioinformatics/btz824}
}

@incollection{Cushman2022,
  author = {Fiery Cushman},
  title = {Norm learning and moral decision making},
  booktitle = {The Moral Psychology of Obligation},
  editor = {Jonathan Webber},
  publisher = {Rowman & Littlefield},
  year = {2022},
  pages = {53--78}
}

@article{JaraEttinger2019,
  author = {Julian Jara-Ettinger and Joshua B. Tenenbaum},
  title = {The Naive Utility Calculus},
  journal = {Trends in Cognitive Sciences},
  year = {2019},
  volume = {23},
  number = {5},
  pages = {377--389},
  doi = {10.1016/j.tics.2019.01.009}
}

@article{Roberts2021,
  author = {Julia L. Roberts and Samuel J. Gershman},
  title = {A dynamic model of framing effects in decision making},
  journal = {Psychological Review},
  year = {2021},
  volume = {128},
  number = {5},
  pages = {765--785},
  doi = {10.1037/rev0000267}
}

@incollection{bello2023computationalapproachesto,
  author = {Paul Bello and Bertram F. Malle},
  title = {Computational Approaches to Morality},
  booktitle = {The Cambridge Handbook of Computational Cognitive Sciences},
  publisher = {Cambridge University Press},
  year = {2023},
  pages = {789--808}
}

@article{berkman2017selfcontrolasvaluebased,
  author = {Elliot T. Berkman and Cendri A. Hutcherson and Jordan L. Livingston and Lauren E. Kahn and Michael Inzlicht},
  title = {Self-control as value-based choice},
  journal = {Current Directions in Psychological Science},
  year = {2017},
  volume = {26},
  number = {5},
  pages = {422--428},
  doi = {10.1177/0963721417704394}
}

@article{cushman2013actionoutcomeand,
  author = {Fiery Cushman},
  title = {Action, Outcome, and Value: A Dual-System Framework for Morality},
  journal = {Personality and Social Psychology Review},
  year = {2013},
  volume = {17},
  number = {3},
  pages = {273--292},
  doi = {10.1177/1088868313495594}
}

@article{cushman2015moralconstraints,
  author = {Fiery Cushman},
  title = {From moral concern to moral constraint},
  journal = {Current Opinion in Behavioral Sciences},
  year = {2015},
  volume = {3},
  pages = {34--39},
  doi = {10.1016/j.cobeha.2015.01.003}
}

@misc{futurehouse2025review,
  author = {{Futurehouse AI}},
  title = {Computational Models of Moral Cognition, 2023--2025: A Review},
  year = {2025},
  note = {Unpublished structured AI synthesis, available upon request}
}

@article{gautheron2024conflictinmoral,
  author = {Flora Gautheron and Jean-Charles Quinton and Annique Smeding},
  title = {Conflict in moral and nonmoral decision making: an empirical study coupled with a computational model},
  journal = {Cognitive Processing},
  year = {2024},
  volume = {25},
  pages = {67--84},
  doi = {10.1007/s10339-023-01100-5}
}

@article{hutcherson2020evidenceaccumulationnot,
  author = {Cendri A. C. Hutcherson and Antonio Rangel and A. Tusche},
  title = {Evidence accumulation, not "self-control," explains dorsolateral prefrontal activation during normative choice},
  journal = {bioRxiv},
  year = {2020},
  doi = {10.1101/2020.10.20.347799}
}

@article{hutcherson2022evidenceaccumulationnot,
  author = {Cendri A. C. Hutcherson and A. Tusche},
  title = {Evidence accumulation, not 'self-control', explains dorsolateral prefrontal activation during normative choice},
  journal = {eLife},
  year = {2022},
  volume = {11},
  pages = {e71115},
  doi = {10.7554/eLife.71115}
}

@article{kimbrough2022affectivedecisionmakingand,
  author = {Erik O. Kimbrough and Alexander Vostroknutov},
  title = {Affective decision-making and moral sentiments},
  journal = {Journal of Behavioral and Experimental Economics},
  year = {2022},
  volume = {98},
  pages = {101858},
  doi = {10.1016/j.socec.2022.101858}
}

@inproceedings{tennant2023modelingmoralchoices,
  author = {Elizaveta Tennant and Stephen Hailes and Mirco Musolesi},
  title = {Modeling Moral Choices in Social Dilemmas with Multi-Agent Reinforcement Learning},
  booktitle = {Proceedings of the 32nd International Joint Conference on Artificial Intelligence (IJCAI)},
  year = {2023},
  pages = {208--215}
}
